




@article{autor2012, 
  title     ={TITEL},
  journal   ={Name des Journals},
  author    ={Autor, X and Zweitautor, Y},
  year      ={2012}
}

@article{esa5,
title = {About space debris},
journal = {Space Safety},
url = {https://www.esa.int/Space_Safety/Space_Debris/About_space_debris},
author = {European Space Agency},
}

@online{esa6,
  title = {What is Space Situational Awareness?},
  author = {Skyteer - Space Forum},
  year = {October, 2023},
  url = {https://skysteer.com/the-influence-of-space-debris-on-military-satellites/},
  note = {Accessed on 23.11.2023},
}

@online{dev,
  title = {The Influence of Space Debris on Military Satellites},
  author = {Editorial Team - SatNow},
  year = {2023},
  url = {https://www.satnow.com/community/what-is-space-situational-awareness-ssa},
  note = {Accessed on 20.10.2023},
}

@online{fence,
  title = {The World’s Most Advanced Radar},
  author = {Fraunhofer},
  url = {https://www.fhr.fraunhofer.de/en/the-institute/technical-equipment/Space-observation-radar-TIRA.html},
  note = {Accessed on 23.11.2023},
}

@online{tir,
  title = {Space observation radar TIRA},
  author = {Lockheed Martin},
  year = {2020},
  url = {https://www.lockheedmartin.com/en-us/products/space-fence.html},
  note = {Accessed on 23.11.2023},
}


@inproceedings{optical,
author = {Francis Bennet and Celine D’Orgeville and Yue Gao and William Gardhouse and Nicolas Paulin and Ian Price and Francois Rigaut and Ian T. Ritchie and Craig H. Smith and Kristina Uhlendorf and Yanjie Wang},
title = {Adaptive optics for space debris tracking},
volume = {9148},
booktitle = {Adaptive Optics Systems IV},
editor = {Enrico Marchetti and Laird M. Close and Jean-Pierre V{\'e}ran},
organization = {International Society for Optics and Photonics},
publisher = {SPIE},
pages = {91481F},
keywords = {Adaptive Optics, Space Environment Management, Laser Ranging},
year = {2014},
doi = {10.1117/12.2055560},
URL = {https://doi.org/10.1117/12.2055560}
}

@inproceedings{kebschull2017simulation,
  title={A simulation environment to determine the performance of ssa systems},
  author={Kebschull, Christopher and Reichstein, Lorenz and Stoll, Enrico},
  booktitle={Advanced Maui Optical and Space Surveillance (AMOS) Technologies Conference},
  pages={95},
  year={2017}
}

@inproceedings{ams,
  title={Applicability of the Sensor Network Simulator Tool Suite for Proximity Operations},
  author={Manuel Schubert},
  booktitle={Advanced Maui Optical and Space Surveillance (AMOS) Technologies Conference},
  year={2023}
}
@Inbook{jena2019,
author="Jena, Sudarsana
and Gupta, Ankur
and Pippara, Rohit Kumar
and Pal, Pramod
and Adit",
editor="Bhattacharya, Shantanu
and Agarwal, Avinash Kumar
and Prakash, Om
and Singh, Shailendra",
title="Wireless Sensing Systems: A Review",
bookTitle="Sensors for Automotive and Aerospace Applications",
year="2019",
publisher="Springer Singapore",
address="Singapore",
pages="143--192",
isbn="978-981-13-3290-6",
doi="10.1007/978-981-13-3290-6_9",
url="https://doi.org/10.1007/978-981-13-3290-6_9"
}


@article{schubert2023enhancing,
  title={Enhancing the radar system simulator tool suite to allow the simulation of sensor networks},
  author={Schubert, Manuel and Kebschull, Christopher},
  journal={Advances in Space Research},
  year={2023},
  publisher={Elsevier}
}



@techreport{GEOD,
 URL = {http://www.jstor.org/stable/resrep13939.26},
 author = {Edward P. Chatters and Brian J. Crothers and Air Command and Staff College and Space Research Electives Seminars},
 institution = {Air University Press},
 pages = {249--258},
 title = {AU-18 Space Primer},
 urldate = {2023-11-22},
 year = {2009}
}

@ARTICLE{bistat,
  author={Skolnik, Merill I.},
  journal={IRE Transactions on Aerospace and Navigational Electronics}, 
  title={An Analysis of Bistatic Radar}, 
  year={1961},
  volume={ANE-8},
  number={1},
  pages={19-27},
  doi={10.1109/TANE3.1961.4201772}}

@ARTICLE{Reed,
  author={Reed, J.E.},
  journal={Proceedings of the IEEE}, 
  title={The AN/FPS-85 radar system}, 
  year={1969},
  volume={57},
  number={3},
  pages={324-335},
  doi={10.1109/PROC.1969.6963}}

@inproceedings{weeden,
  title={Global space situational awareness sensors},
  author={Weeden, Brian and Cefola, Paul and Sankaran, Jaganath},
  booktitle={AMOS Conference},
  year={2010}
}

@article{monostat,
author = {Abd, Mariam and Al-Suhail, Ghaida and Tahir, Fadhil and Ali, Ahmed and Abdulkareem, Hamzah and Dashtipour, Kia and Jamal, Sajjad Shaukat and Ahmad, Jawad},
year = {2022},
month = {04},
pages = {},
title = {Synchronization of Monostatic Radar Using a Time-Delayed Chaos-Based FM Waveform},
volume = {14},
journal = {Remote Sensing},
doi = {10.3390/rs14091984}
}

@misc{phased,
  author = {{Wikipedia}},
  title = {{PAVE PAWS Radar Clear AFS Alaska.jpg — Wikipedia, The Free Encyclopedia}},
  year = {2006},
  url = {https://commons.wikimedia.org/wiki/File:PAVE_PAWS_Radar_Clear_AFS_Alaska.jpg},
  note = {[Online; accessed 22.11.2023]}
}

@book{astro,
  title={Astronomie und Astrophysik: Ein Grundkurs},
  author={Weigert, Alfred and Wendker, Heinrich J and Wisotzki, Lutz},
  year={2012},
  publisher={John Wiley and Sons}
}

@Inbook{mount,
  author="Weisheit, Bernd",
  editor="Roth, G{\"u}nter D.",
  title="Telescope Mountings, Drives, and Electrical Equipment",
  bookTitle="Handbook of Practical Astronomy",
  year="2009",
  publisher="Springer Berlin Heidelberg",
  address="Berlin, Heidelberg",
  pages="95--131",
  isbn="978-3-540-76379-6",
  doi="10.1007/978-3-540-76379-6_5",
  url="https://doi.org/10.1007/978-3-540-76379-6_5"
}

@inbook{ccd,
author = {Naumann, Helmut and Schröder, Gottfried and Löffler-Mang, Martin},
title = {Handbuch Bauelemente der Optik},
booktitle = {Handbuch Bauelemente der Optik},
chapter = {},
pages = {I-XXI},
doi = {10.3139/9783446441156.fm},
URL = {https://www.hanser-elibrary.com/doi/abs/10.3139/9783446441156.fm},
eprint = {https://www.hanser-elibrary.com/doi/pdf/10.3139/9783446441156.fm}
}

@inproceedings{spain,
  title={Debris Detection and Observation Systems},
  author={Jehn, Rudiger},
  booktitle={PowerPoint presented at the International Interdisciplinary Congress on Space Debris, McGill University, Montreal},
  pages={7--9},
  year={2010}
}

@misc{tele,
  title = {Refracting and reflecting telescope},
  author = {{2006 Merriam Webster, Inc }},
  howpublished = {Pinterest},
  year = {2006},
  note = {https://in.pinterest.com/pin/318840848599928483/}
  }


@article{Laser,
  title={Laser History and Theory},
  author={L. Goldman},year={1967},
  pages={1-8},
  doi={10.1007/978-3-642-85797-3_1}
}

@article{lidar,
title={Lidar (Laser Radar)},
author={P. Argall and R. Sica},
year={2004},
doi={10.1002/3527600434.EAP629}}

@mastersthesis{Paul,
  author      = {Paul Simon Nepomuk Carl Corvin Mittelstaedt},
  title       = {Analysis of sensor networks and the potential of different configurations regarding SSA},
  school      = {TU Braunschweig},
  year        = {2023},
  type        = {Master's Thesis},
  address     = {Braunschweig},
  month       = {February},
}

@inproceedings{situ,
  title={In-situ Observations of Space Debris at ESA},
  author={Drolshagen, Gerhard},
  booktitle={The Advanced Maui Optical and Space Surveillance Technologies Conference},
  pages={E68},
  year={2006}
}

@article{debie,
  title={DEBIE-first standard in-situ debris monitoring instrument},
  author={Kuitunen, J and Drolshagen, G and McDonnell, JAM and Svedhem, H and Leese, M and Mannermaa, H and Kaipiainen, M and Sipinen, V},
  journal={EUROPEAN SPACE AGENCY-PUBLICATIONS-ESA SP},
  volume={473},
  pages={185-190},
  year={2001},
  publisher={EUROPEAN SPACE AGENCY}
}

@article{gorid1,
  title={Measurements of cosmic dust and micro-debris in GEO},
  author={Drolshagen, G and Svedhem, H and Gr{\"u}n, E and Bunte, KD},
  journal={Advances in Space Research},
  volume={28},
  number={9},
  pages={1325--1333},
  year={2001},
  publisher={Elsevier}
}

@inproceedings{gorid2,
  title={In-situ Observations of Space Debris at ESA},
  author={Drolshagen, Gerhard},
  booktitle={The Advanced Maui Optical and Space Surveillance Technologies Conference},
  pages={E68},
  year={2006}
}

@inproceedings{gorid3,
  title={Detection and Simulation of Debris Cloud Impacts},
  author={Bunte, KD and Drolshagen, G},
  booktitle={4th European Conference on Space Debris},
  volume={587},
  pages={201},
  year={2005}
}

@article{hst1,
  title={Post-flight impact analysis of HST solar arrays-2002 retrieval},
  author={McDonnell, JAM},
  journal={Final Report of ESA contract 16283/NL/LvH},
  year={2005}
}

@article{hst2,
  title={Hypervelocity impacts on HST solar arrays and the debris and meteoroids population},
  author={Moussi, A and Drolshagen, G and McDonnell, JAM and Mandeville, J-C and Kearsley, AT and Ludwig, H},
  journal={Advances in Space Research},
  volume={35},
  number={7},
  pages={1243--1253},
  year={2005},
  publisher={Elsevier}
}

@online{deb,
  title = {DEBIE},
  author = {ESA},
  year = {2023},
  url = {https://space-env.esa.int/wp-content/uploads/2019/09/debie-artistic.png},
  note = {Accessed on 23.11.2023},
}

@online{god,
  title = {GORID},
  author = {ESA},
  year = {2023},
  url = {https://space-env.esa.int/wp-content/uploads/2019/09/Gorid-501x400.jpg},
  note = {Accessed on 23.11.2023},
}

@inproceedings{ussf,
  title={Space surveillance network},
  author={Shepherd, Lt Col Glen and Command, Air Force Space},
  booktitle={Shared Space Situational Awareness Conference, Colorado Sprincs, CO},
  year={2006}
}

@techreport{usssn,
 URL = {http://www.jstor.org/stable/resrep13939.26},
 author = {Edward P. Chatters and Brian J. Crothers and Air Command and Staff College and Space Research Electives Seminars},
 institution = {Air University Press},
 pages = {249--258},
 title = {AU-18 Space Primer},
 urldate = {2023-11-22},
 year = {2009}
}

@article{afspc,
  title={From satellite tracking to space situational awareness: the USAF and space surveillance, 1957-2007},
  author={Sturdevant, Rick W},
  journal={Air Power History},
  volume={55},
  number={4},
  pages={4--23},
  year={2008},
  publisher={JSTOR}
}

@article{dia,
  title           = {CHALLENGES TO SECURITY IN SPACE Space Reliance in an Era of Competition and Expansion},
  author          = {Defense Intelligence Agency},
  journal         = {DIA},
  year            = {March 2022}
}

@article{gss,
  author          = {Uwe Wirt},
  journal         = {German Aerospace Center, DLR},
  title           = {Space situational awareness centre},
  year            = {2022}
}

@ARTICLE{rome,
  author={Sciré, Gioacchino and Piergentili, Fabrizio and Santoni, Fabio},
  journal={IEEE Transactions on Aerospace and Electronic Systems}, 
  title={Spacecraft Recognition in Co-Located Satellites Cluster Through Optical Measures}, 
  year={2017},
  volume={53},
  number={4},
  pages={1699-1708},
  doi={10.1109/TAES.2017.2671619}
  }

  @article{italy,
title = {Sapienza Space debris Observatory Network (SSON): A high coverage infrastructure for space debris monitoring},
journal = {Journal of Space Safety Engineering},
volume = {7},
number = {1},
pages = {30-37},
year = {2020},
issn = {2468-8967},
doi = {https://doi.org/10.1016/j.jsse.2019.11.001},
url = {https://www.sciencedirect.com/science/article/pii/S2468896719301429},
author = {Shariar {Hadji Hossein} and Marco Acernese and Tommaso Cardona and Giammarco Cialone and Federico Curianò and Lorenzo Mariani and Veronica Marini and Paolo Marzioli and Leonardo Parisi and Fabrizio Piergentili and Fabio Santoni},
}

@inproceedings{french1,
  title={GRAVES: the new French system for space surveillance},
  author={Th, Michal and Eglizeaud, J and Bouchard, J},
  booktitle={Proc. 4th European Conf. on Space Debris. ESA/ESOC. Darmstadt, Germany},
  year={2005}
}

@inproceedings{french2,
  title={GRAVES space surveillance system: Life extension and upgrade program},
  author={Muller, Florent},
  booktitle={Proc. 7th European Conference on Space Debris},
  year={2017}
}

@article{esa1,
title = {Recent developments in the implementation of European Space Surveillance and Tracking (EU SST) Security and data policy},
journal = {Journal of Space Safety Engineering},
volume = {8},
number = {2},
pages = {178-181},
year = {2021},
issn = {2468-8967},
doi = {https://doi.org/10.1016/j.jsse.2021.04.003},
url = {https://www.sciencedirect.com/science/article/pii/S2468896721000355},
author = {Marc Becker and Pascal Faucher}
}

@article{esa2,
  author          = {ESA},
  journal         = {Eu space surveillance and tracking},
  title           = {What is EU SST?},
  url             = {https://www.eusst.eu},
  year            = {2022}
}

@article{esa3,
title = {Operational space surveillance and tracking in Europe},
journal = {Journal of Space Safety Engineering},
volume = {7},
number = {3},
pages = {420-425},
year = {2020},
note = {Space Debris: The State of Art},
issn = {2468-8967},
doi = {https://doi.org/10.1016/j.jsse.2020.07.005},
url = {https://www.sciencedirect.com/science/article/pii/S2468896720300690},
author = {Pascal Faucher and Regina Peldszus and Amélie Gravier}
}

@article{esa4,
title = {European Union Space Surveillance and Tracking (EU SST): State of Play and Perspectives},
journal = {Space Policy},
volume = {62},
pages = {101503},
year = {2022},
issn = {0265-9646},
doi = {https://doi.org/10.1016/j.spacepol.2022.101503},
url = {https://www.sciencedirect.com/science/article/pii/S0265964622000297},
author = {Regina Peldszus and Pascal Faucher},
}

@article{cele,
  author          = {Dr. T.S. Kelso},
  journal         = {Satellite Times},
  title           = {Space Surveillance},
  url             = {https://celestrak.org/columns/v04n01/},
  year            = {2023},
  note            = {Accessed on 23.11.2023}
}

@article{jaxa1,
title = {Space environment measurements by JAXA satellites and ISS/JEM},
journal = {Acta Astronautica},
volume = {71},
pages = {1-10},
year = {2012},
issn = {0094-5765},
doi = {https://doi.org/10.1016/j.actaastro.2011.08.009},
url = {https://www.sciencedirect.com/science/article/pii/S0094576511002700},
author = {Takahiro Obara and Haruhisa Matsumoto and Kiyokazu Koga},
}

@inproceedings{jaxa2,
  title={Overview of JAXA space debris surveillance operations},
  author={Hirose, Chikako and Taromaru, Yoshitaka and Kameyama, Masaya and Aoki, Sadao and Isobe, Syuzo},
  booktitle={SpaceOps 2006 Conference},
  pages={5817},
  year={2006}
}

@inproceedings{jaxa3,
  title={Development of the first Japanese space debris observation radar},
  author={Ono, Katsuhiro and Tajima, Toru and Mizutani, Akio and Taromaru, Yoshitaka and Isobe, Shuzo and Takano, Tadashi and Sato, Toru},
  booktitle={Space Debris},
  volume={473},
  pages={73--78},
  year={2001}
}

@inproceedings{jaxa4,
  title={SYSTEMATIC SURVEY OBSERVATIONS OF SPACE DEBRIS DURING THESE 5 YEARS},
  author={Okumura, Shin-ichiro and Isobe, Syuzo and JSGA Team},
  booktitle={56th International Astronautical Congress of the International Astronautical Federation, the International Academy of Astronautics, and the International Institute of Space Law},
  pages={B6--1}
}

@inproceedings{jaxa5,
  title={Observation of space debris by the Kamisaibara radar system},
  author={Taromaru, Yoshitaka and Hirose, Chikako and Mori, Shigehiro and Horii, Michiaki and Yamamoto, Yosuke and Aoki, Sadao and Isobe, Syuzo},
  booktitle={Proceedings of the 4th European Conference on Space Debris},
  pages={18--20},
  year={2005}
}

@article{tass,
  author          = {TASS News Agency},
  journal         = {SpaceWatch.global},
  title           = {Russia To Develop Space Surveillance Satellite To Monitor Space Debris As Part Of Milky Way SSA Network},
  year            = {2023}
}

@article{russ,
  title={New status of the ISON project and results of space debris optical monitoring},
  author={Molotov, Igor},
  journal={44th COSPAR Scientific Assembly. Held 16-24 July},
  volume={44},
  pages={3143},
  year={2022}
}

@article{povel,
  title={Reducing the risk of an accidental launch},
  author={Podvig, Pavel},
  journal={Science and Global Security},
  volume={14},
  number={2-3},
  pages={75--115},
  year={2006},
  publisher={Taylor \& Francis}
}

@article{sensor,
  title={SSA sensor tasking approach for improved orbit determination accuracies and more efficient use of ground assets},
  author={Herz, Alexander F and Stoner, Frank and Hall, Robert and Fisher, William},
  journal={The},
  pages={1--10},
  year={2013}
}
@book{IC,
  title={Inverse methods for atmospheric sounding: theory and practice},
  author={Rodgers, Clive D},
  volume={2},
  year={2000},
  publisher={World scientific}
}

@article{fruh1,
  title={Realistic Sensor Tasking Strategies Carolin Frueh School of Aeronautics and Astronautics, Purdue University, West-Lafayette, IN, USA Hauke Fiedler, Johannes Herzog Deutsches Zentrum f{\"u}r Luft-und Raumfahrt (DLR, German Aerospace Center)},
  author={Center, German Space Operations},
  year={2016}
}
@article{survey,
title = {Optical surveys of space debris in GEO},
journal = {Advances in Space Research},
volume = {23},
number = {1},
pages = {45-54},
year = {1999},
issn = {0273-1177},
doi = {https://doi.org/10.1016/S0273-1177(98)00229-4},
url = {https://www.sciencedirect.com/science/article/pii/S0273117798002294},
author = {T. Schildknecht and U. Hugentobler and M. Ploner},
}

@INPROCEEDINGS{reps,
       author = {{Hirose}, C. and {Taromaru}, Y. and {Mori}, S. and {Horii}, M. and {Yamamoto}, Y. and {Aoki}, S. and {Isobe}, S.},
        title = "{Observation of Space Debris by the Kamisaibara Radar System}",
    booktitle = {4th European Conference on Space Debris},
         year = 2005,
       editor = {{Danesy}, D.},
       series = {ESA Special Publication},
       volume = {587},
        month = aug,
        pages = {73},
       adsurl = {https://ui.adsabs.harvard.edu/abs/2005ESASP.587...73H},
      adsnote = {Provided by the SAO/NASA Astrophysics Data System}
}

@article{shan,
  title={A Brief Introduction to Shannon's Information Theory},
  author={Chen, Ricky XF},
  journal={arXiv preprint arXiv:1612.09316},
  year={2016}
}
@inproceedings{hinze1,
  title={Optimal scheduling for geosynchronous space object follow-up observations using a genetic algorithm},
  author={Hinze, Andreas and Fiedler, Hauke and Schildknecht, Thomas},
  booktitle={Advanced Maui Optical and Space Surveillance Technologies Conference (AMOS)},
  year={2016},
  organization={Maui Economic Development Board Maui, HW}
}
@inproceedings{fruh2,
  title={SSA sensor tasking: comparison of machine learning with classical optimization methods},
  author={Little, Bryan D and Frueh, Carolin},
  booktitle={Proceedings of the Advanced Maui Optical and Space Surveillance Technologies Conference},
  pages={1--17},
  year={2018}
}
@inproceedings{fruh3,
  title={Sensor tasking for multi-sensor space object surveillance},
  author={Frueh, Carolin},
  booktitle={Seventh European Conference on Space Debris, ESOC, Darmstadt, Germany},
  pages={18--21},
  year={2017}
}
@mastersthesis{gao,
  author      = {Gao, Menglu},
  title       = {Analyse von existierenden Sensornetzwerken und potenzielle Verbesserungen dieser durch optimiertes Sensor-Tasking im Hinblick auf SSA},
  school      = {IRAS, TU Braunschweig},
  year        = {2023},
  address     = {Braunschweig, Germany},
}

@article{nsga,
author = {Cai, Han and Yang, Yang and Gehly, Steve and He, Changyong and Jah, Moriba},
year = {2020},
month = {06},
pages = {},
title = {Sensor tasking for search and catalog maintenance of geosynchronous space objects},
volume = {175},
journal = {Acta Astronautica},
doi = {10.1016/j.actaastro.2020.05.063}
}